@article{popov1985power,
  title={Power dissipated in low-pressure radio-frequency discharge plasmas},
  author={Popov, OA and Godyak, VA},
  journal={Journal of applied physics},
  volume={57},
  number={1},
  pages={53--58},
  year={1985},
  publisher={American Institute of Physics}
}

@article{godyak1986ion,
  title={Ion bombardment secondaty electron maintenance of steady RF discharge},
  author={Godyak, VA and Khanneh, AS},
  journal={IEEE transactions on plasma science},
  volume={14},
  number={2},
  pages={112--123},
  year={1986},
  publisher={IEEE}
}

@article{belenguer1990transition,
  title={Transition between different regimes of rf glow discharges},
  author={Belenguer, Ph and Boeuf, JP},
  journal={Physical Review A},
  volume={41},
  number={8},
  pages={4447},
  year={1990},
  publisher={APS}
}

@article{lisovskiy2004alpha,
  title={Alpha--gamma transition in RF capacitive discharge in low-pressure oxygen},
  author={Lisovskiy, VA and Yegorenkov, VD},
  journal={Vacuum},
  volume={74},
  number={1},
  pages={19--28},
  year={2004},
  publisher={Elsevier}
}

@article{lisovskiy2006modes,
  title={Modes and the alpha-gamma transition in rf capacitive discharges in N 2 O at different rf frequencies},
  author={Lisovskiy, V and Booth, J-P and Landry, K and Douai, D and Cassagne, V and Yegorenkov, V},
  journal={Physics of Plasmas},
  volume={13},
  number={10},
  pages={103505},
  year={2006},
  publisher={American Institute of Physics}
}

@book{raizer2017radio,
  title={Radio-frequency capacitive discharges},
  author={Raizer, Yuri P and Shneider, Mikhail N and Yatsenko, Nikolai A},
  year={2017},
  publisher={CRC press}
}

@article{lymberopoulos1993fluid,
  title={Fluid simulations of glow discharges: Effect of metastable atoms in argon},
  author={Lymberopoulos, Dimitris P and Economou, Demetre J},
  journal={Journal of applied physics},
  volume={73},
  number={8},
  pages={3668--3679},
  year={1993},
  publisher={American Institute of Physics}
}

@article{guerra2001role,
  title={Role played by the N2 (A3$\Sigma$u+) metastable in stationary N2 and N2-O2 discharges},
  author={Guerra, V and Sa, PA and Loureiro, J},
  journal={Journal of Physics D: Applied Physics},
  volume={34},
  number={12},
  pages={1745},
  year={2001},
  publisher={IOP Publishing}
}

@article{katsch2000negative,
  title={Negative ions and the role of metastable molecules in a capacitively coupled radiofrequency excited discharge in oxygen},
  author={Katsch, HM and Sturm, T and Quandt, E and D{\"o}bele, HF},
  journal={Plasma Sources Science and Technology},
  volume={9},
  number={3},
  pages={323},
  year={2000},
  publisher={IOP Publishing}
}

@article{hannesdottir2016role,
  title={The role of the metastable O2 (b) and energy-dependent secondary electron emission yields in capacitively coupled oxygen discharges},
  author={Hannesdottir, H and Gudmundsson, JT},
  journal={Plasma Sources Science and Technology},
  volume={25},
  number={5},
  pages={055002},
  year={2016},
  publisher={IOP Publishing}
}

@article{hannesdottir2017singlet,
  title={On singlet metastable states, ion flux and ion energy in single and dual frequency capacitively coupled oxygen discharges},
  author={Hannesdottir, Holmfridur and Gudmundsson, Jon Tomas},
  journal={Journal of Physics D: Applied Physics},
  volume={50},
  number={17},
  pages={175201},
  year={2017},
  publisher={IOP Publishing}
}

@article{gudmundsson2019electron,
  title={Electron heating mode transitions in a low pressure capacitively coupled oxygen discharge},
  author={Gudmundsson, Jon Tomas and Proto, A},
  journal={Plasma Sources Science and Technology},
  volume={28},
  number={4},
  pages={045012},
  year={2019},
  publisher={IOP Publishing}
}

@article{wen2021benchmarked,
  title={Benchmarked and upgraded particle-in-cell simulations of a capacitive argon discharge at intermediate pressure: The role of metastable atoms},
  author={Wen, De-Qi and Krek, Janez and Gudmundsson, Jon Tomas and Kawamura, Emi and Lieberman, Michael A and Verboncoeur, John P},
  journal={Plasma Sources Science and Technology},
  volume={30},
  number={10},
  pages={105009},
  year={2021},
  publisher={IOP Publishing}
}

@article{gudmundsson2022surface,
  title={Surface effects in a capacitive argon discharge in the intermediate pressure regime},
  author={Gudmundsson, Jon Tomas and Krek, Janez and Wen, De-Qi and Kawamura, Emi and Lieberman, MA},
  journal={Plasma Sources Science and Technology},
  volume={30},
  number={12},
  pages={125011},
  year={2022},
  publisher={IOP Publishing}
}

@article{gudmundsson2015pressure,
  title={The pressure dependence of the discharge properties in a capacitively coupled oxygen discharge},
  author={Gudmundsson, Jon Tomas and Vent{\'e}jou, Bruno},
  journal={Journal of Applied Physics},
  volume={118},
  number={15},
  pages={153302},
  year={2015},
  publisher={AIP Publishing LLC}
}

@article{goeckner2004modified,
  title={Modified gaseous electronics conference reference cell for the study of plasma-surface-gas interactions},
  author={Goeckner, MJ and Marquis, JM and Markham, BJ and Jindal, AK and Joseph, EA and Zhou, B-S},
  journal={Review of scientific instruments},
  volume={75},
  number={4},
  pages={884--890},
  year={2004},
  publisher={American Institute of Physics}
}

@article{hernandez2020electron,
  title={Electron dynamics during the reignition of pulsed capacitively-coupled radio-frequency discharges},
  author={Hernandez, Keith and Overzet, Lawrence J and Goeckner, Matthew J},
  journal={Journal of Vacuum Science \& Technology B, Nanotechnology and Microelectronics: Materials, Processing, Measurement, and Phenomena},
  volume={38},
  number={3},
  pages={034005},
  year={2020},
  publisher={American Vacuum Society}
}

@article{hernandez2021optical,
  title={Optical emission intensity overshoot and electron heating mechanisms during the re-ignition of pulsed capacitively coupled Ar plasmas},
  author={Hernandez, Keith and Press, Alex and Goeckner, Matthew J and Overzet, Lawrence J},
  journal={Journal of Vacuum Science \& Technology B, Nanotechnology and Microelectronics: Materials, Processing, Measurement, and Phenomena},
  volume={39},
  number={2},
  pages={024003},
  year={2021},
  publisher={American Vacuum Society}
}

@article{press2019sub,
  title={Sub-rf period electrical characterization of a pulsed capacitively coupled argon plasma},
  author={Press, Alex F and Goeckner, Matthew J and Overzet, Lawrence J},
  journal={Journal of Vacuum Science \& Technology B, Nanotechnology and Microelectronics: Materials, Processing, Measurement, and Phenomena},
  volume={37},
  number={6},
  pages={062926},
  year={2019},
  publisher={American Vacuum Society}
}

@book{press2020electrical,
  title={Electrical Measurements of Capacitively Coupled Pulsed Power Plasmas},
  author={Press, Alex F},
  year={2020},
  note={PhD dissertation},
  publisher={The University of Texas at Dallas},
  URL = {https://utd-ir.tdl.org/bitstream/handle/10735.1/8885/ETD-5608-013D-261953.11.pdf?sequence=5}
}

@article{sobolewski1995electrical,
  title={Electrical characteristics of argon radio frequency glow discharges in an asymmetric cell},
  author={Sobolewski, Mark A},
  journal={IEEE Transactions on Plasma Science},
  volume={23},
  number={6},
  pages={1006--1022},
  year={1995},
  publisher={IEEE}
}

@article{hargis1994gaseous,
  title={The Gaseous Electronics Conference radio-frequency reference cell: A defined parallel-plate radio-frequency system for experimental and theoretical studies of plasma-processing discharges},
  author={Hargis Jr, PJ and Greenberg, KE and Miller, PA and Gerardo, JB and Torczynski, JR and Riley, ME and Hebner, GA and Roberts, JR and Olthoff, James K and Whetstone, JR and others},
  journal={Review of Scientific Instruments},
  volume={65},
  number={1},
  pages={140--154},
  year={1994},
  publisher={American Institute of Physics}
}

@article{sobolewski1995current,
  title={Current and voltage measurements in the Gaseous Electronics Conference rf Reference Cell},
  author={Sobolewski, Mark A},
  journal={Journal of research of the National Institute of Standards and Technology},
  volume={100},
  number={4},
  pages={341},
  year={1995},
  publisher={National Institute of Standards and Technology}
}

@article{olthoff1995gaseous,
  title={The gaseous electronics conference RF reference cellâ€”An introduction},
  author={Olthoff, James K and Greenberg, KE},
  journal={Journal of research of the National Institute of Standards and Technology},
  volume={100},
  number={4},
  pages={327},
  year={1995},
  publisher={National Institute of Standards and Technology}
}

@article{lieberman1988analytical,
  title={Analytical solution for capacitive RF sheath},
  author={Lieberman, Michael A},
  journal={IEEE Transactions on Plasma Science},
  volume={16},
  number={6},
  pages={638--644},
  year={1988},
  publisher={IEEE}
}

@article{levitskii1957investigation,
  title={An investigation of the sparking potential of a rf discharge in a gas in the transition range of frequencies and pressures},
  author={Levitskii, SM},
  journal={Sov. Phys.--Tech. Phys},
  volume={2},
  pages={887--893},
  year={1957}
}

@misc{michael2005principles,
  title={Principles of plasma discharges and materials processing},
  author={Michael, A Lieberman and Allan, J Lichtenberg},
  year={2005},
  publisher={New York: Wiley InterScience}
}

@article{panagopoulos1999plasma,
  title={Plasma sheath model and ion energy distribution for all radio frequencies},
  author={Panagopoulos, Theodoros and Economou, Demetre J},
  journal={Journal of applied physics},
  volume={85},
  number={7},
  pages={3435--3443},
  year={1999},
  publisher={American Institute of Physics}
}

@article{yatsenko1980medium,
  title={Medium-pressure high-current high-frequency capacitive discharge},
  author={Yatsenko, NA},
  journal={Sov. Phys.-Tech. Phys},
  volume={25},
  pages={1454--1455},
  year={1980}
}

@article{chingsungnoen2015spectroscopic,
  title={Spectroscopic Electron Temperature Measurement in Methane/helium Plasma During Diamond-like Carbon Coating},
  author={Chingsungnoen, Artit and Amornkitbamrung, Vittaya},
  year={2015},
  publisher={Science Faculty of Chiang Mai University}
}
@article{Lary:2016,
  title={Machine learning in geosciences and remote sensing},
  author={Lary, David J and Alavi, Amir H and Gandomi, Amir H and Walker, Annette L},
  journal={Geoscience Frontiers},
  volume={7},
  number={1},
  pages={3--10},
  year={2016},
  publisher={Elsevier}
}

@article{Frank2000,
   author = {Frank, Eibe and Trigg, Leonard and Holmes, Geoffrey and Witten, Ian H.},
   title = {Technical Note: Naive Bayes for Regression},
   journal = {Machine Learning},
   volume = {41},
   number = {1},
   pages = {5-25},
   abstract = {Despite its simplicity, the naive Bayes learning scheme performs well on most classification tasks, and is often significantly more accurate than more sophisticated methods. Although the probability estimates that it produces can be inaccurate, it often assigns maximum probability to the correct class. This suggests that its good performance might be restricted to situations where the output is categorical. It is therefore interesting to see how it performs in domains where the predicted value is numeric, because in this case, predictions are more sensitive to inaccurate probability estimates.},
   ISSN = {1573-0565},
   DOI = {10.1023/A:1007670802811},
   url = {https://doi.org/10.1023/A:1007670802811},
   year = {2000},
   type = {Journal Article}
}

@INPROCEEDINGS{Ho1995,
  author={Tin Kam Ho},
  booktitle={Proceedings of 3rd International Conference on Document Analysis and Recognition}, 
  title={Random decision forests}, 
  year={1995},
  volume={1},
  number={},
  pages={278-282 vol.1},
  doi={10.1109/ICDAR.1995.598994}}

@book{Haykin2009,
  title={Neural Networks and Learning Machines, 3rd edition},
  author={Haykin, Simon},
  year={2009},
  isbn={9780131471399},
  publisher={Pearson},
  URL = {https://www.pearson.com/store/p/neural-networks-and-learning-machines/P200000003278/9780131471399}
}

@book{Vapnik1995,
  title={The Nature of Statistical Learning Theory},
  author={Vapnik, V.N.},
  year={1995},
  isbn={9780131471399},
  publisher={Springer},
  URL = {http://dx.doi.org/10.1007/978-1-4757-2440-0}
}

@book{Domingos:2015,
  title={The master algorithm: How the quest for the ultimate learning machine will remake our world},
  author={Domingos, Pedro},
  year={2015},
  publisher={Basic Books}
}

@article{levenberg1944,
  title={A Method for the Solution of Certain Non-Linear Problems in Least Squares},
  author={Levenberg, Kenneth},
  journal={Quarterly of Applied Mathematics},
  volume={2},
  pages={164--168},
  year={1944},
  publisher={American Mathematical Society}
}

@article{marquardt1963,
  title={An Algorithm for Least-Squares Estimation of Nonlinear Parameters},
  author={Marquardt, Donald W.},
  journal={Journal of the Society for Industrial and Applied Mathematics},
  volume={11},
  number={2},
  pages={431--441},
  year={1963},
  publisher={Society for Industrial and Applied Mathematics}
}

@book{Breiman:1984,
   author = {Breiman, Leo},
   title = {Classification and Regression Trees},
   publisher = {Wadsworth International Group},
   address = {Belmont, Calif.},
   series = {The Wadsworth Statistics/Probability Series},
   year = {1984}
}

@article{Breiman:2001,
   author = {Breiman, L.},
   title = {Random Forests},
   journal = {Machine Learning},
   volume = {45},
   number = {1},
   note = {Times Cited: 3621},
   year = {2001}
}

@article{Ho:1998,
   author = {Ho, T. K.},
   title = {The Random Subspace Method for Constructing Decision Forests},
   journal = {{{IEEE}} Transactions on Pattern Analysis and Machine Intelligence},
   volume = {20},
   number = {8},
   pages = {832-844},
   year = {1998}
}

@ARTICLE{Safavian:1991, 
author={S. R. Safavian and D. Landgrebe}, 
journal={IEEE Transactions on Systems, Man, and Cybernetics}, 
title={A survey of decision tree classifier methodology}, 
year={1991}, 
volume={21}, 
number={3}, 
pages={660-674}, 
doi={10.1109/21.97458}, 
ISSN={0018-9472}, 
month={May},
}


@article{Cortes:1995,
   author = {Cortes, C. and Vapnik, V.},
   title = {Support-Vector Networks},
   journal = {Machine Learning},
   volume = {20},
   number = {3},
   pages = {273-297},
   note = {Times Cited: 3429},
   year = {1995}
}

@book{Vapnik:1982,
   author = {Vapnik, Vladimir Naumovich},
   title = {Estimation of Dependences Based on Empirical Data},
   publisher = {Springer-Verlag},
   address = {New York},
   series = {Springer Series in Statistics},
   year = {1982}
}

@book{Vapnik:1995,
   author = {Vapnik, Vladimir Naumovich},
   title = {The Nature of Statistical Learning Theory},
   publisher = {Springer},
   address = {New York},
   year = {1995}
}

@book{Vapnik:2000,
   author = {Vapnik, Vladimir Naumovich},
   title = {The Nature of Statistical Learning Theory},
   publisher = {Springer},
   address = {New York},
   edition = {2nd},
   series = {Statistics for Engineering and Information Science},
   year = {2000}
}

@book{Vapnik:2006,
   author = {Vapnik, Vladimir Naumovich},
   title = {Estimation of Dependences Based on Empirical Data ; Empirical Inference Science : Afterword of 2006},
   publisher = {Springer},
   address = {New York, N.Y.},
   edition = {2nd enl.},
   series = {Information Science and Statistics},
   year = {2006}
}

@book{rasmussen2006,
  title={Gaussian Processes for Machine Learning},
  author={Rasmussen, Carl Edward and Williams, Christopher K. I.},
  year={2006},
  publisher={MIT Press}
}

@article{krige1951,
  title={A statistical approach to some basic mine valuation problems on the Witwatersrand},
  author={Krige, Danie Gerhardus},
  journal={Journal of the Southern African Institute of Mining and Metallurgy},
  volume={52},
  number={6},
  pages={119--139},
  year={1951}
}

@article{matheron1963,
  title={Principles of geostatistics},
  author={Matheron, Georges},
  journal={Economic Geology},
  volume={58},
  number={8},
  pages={1246--1266},
  year={1963}
}

@article{o1994,
  title={Bayesian training of backpropagation networks by the hybrid Monte Carlo method},
  author={Neal, Radford M.},
  journal={Department of Computer Science, University of Toronto},
  year={1994}
}
